Date,Ticker,Type,Quantity,Price per share,Total Amount,Currency,FX Rate
2020-03-10T17:48:01.852420Z,,CASH TOP-UP,,,$30,USD,1.14
2020-03-10T17:48:28.920115Z,BLK,BUY - MARKET,0.02245576,$445.32,$10,USD,1.14
2020-03-10T17:50:01.464271Z,GOOGL,BUY - MARKET,0.00815228,"$1,226.65",$10,USD,1.14
2020-03-10T17:54:39.979734Z,META,BUY - MARKET,0.05819705,$171.83,$10,USD,1.14
2020-03-11T22:03:20.055470Z,,CASH TOP-UP,,,$20,USD,1.13
2020-04-13T14:44:00.724528Z,,CASH TOP-UP,,,$100.09,USD,1.1
2020-04-13T14:46:04.679668Z,,CASH TOP-UP,,,$9.05,USD,1.1
2020-04-13T14:46:16.803916Z,,CASH TOP-UP,,,$0.01,USD,1.1
2020-04-13T14:46:27.787287Z,,CASH TOP-UP,,,$0.01,USD,1.1
2020-04-13T14:49:00.241348Z,AMZN,BUY - MARKET,0.0326091,"$2,120.88",$69.16,USD,1.1
2020-04-13T14:51:22.250321Z,AAPL,BUY - MARKET,0.2244417,$267.33,$60,USD,1.1
2020-04-14T14:26:42.788827Z,,CASH TOP-UP,,,$100,USD,1.1
2020-04-14T14:27:33.186771Z,TSLA,BUY - MARKET,0.13681949,$730.89,$100,USD,1.1
2020-04-27T12:40:59.189820Z,,CASH TOP-UP,,,$200,USD,1.09
2020-04-28T14:39:46.211111Z,GOOGL,BUY - MARKET,0.07066582,"$1,273.60",$91.08,USD,1.09
2020-05-07T19:49:17.872893Z,AAPL,BUY - MARKET,0.13194352,$303.16,$40,USD,1.09
2020-05-07T19:51:30.346968Z,,CASH TOP-UP,,,$416.55,USD,1.09
2020-05-07T19:52:36.138915Z,META,BUY - MARKET,0.42716787,$210.69,$90,USD,1.09
2020-05-07T19:52:55.451851Z,BLK,BUY - MARKET,0.18110109,$496.96,$90,USD,1.09
2020-05-15T06:24:11.362665Z,AAPL,DIVIDEND,,,$0.25,USD,1.09
2020-05-31T23:30:04.726579Z,,CUSTODY FEE,,,-$0.01,USD,1.12
2020-06-01T10:39:01.146106Z,,CASH TOP-UP,,,$235.24,USD,1.12
2020-06-16T16:46:32.638728Z,MSFT,BUY - MARKET,0.51541078,$194.02,$100,USD,1.13
2020-06-16T16:47:01.719599Z,AMZN,BUY - MARKET,0.01179349,"$2,615",$30.84,USD,1.13
2020-06-16T16:55:48.628022Z,NFLX,BUY - MARKET,0.22972662,$435.30,$100,USD,1.13
2020-06-22T15:05:29.205736Z,,CASH TOP-UP,,,$315.32,USD,1.13
2020-06-24T05:28:27.141306Z,BLK,DIVIDEND,,,$0.63,USD,1.14
2020-06-30T21:50:58.763348Z,,CASH TOP-UP,,,$405.39,USD,1.13
2020-06-30T23:24:31.698656Z,,CUSTODY FEE,,,-$0.01,USD,1.13
2020-07-09T17:25:13.212450Z,NVDA,BUY - MARKET,0.71744589,$418.15,$300,USD,1.13
2020-07-09T17:26:52.592838Z,ADBE,BUY - MARKET,0.65535094,$457.77,$300,USD,1.13
2020-07-09T17:31:45.099060Z,DDOG,BUY - MARKET,3.12304809,$96.06,$300,USD,1.13
2020-07-31T23:10:03.128461Z,,CUSTODY FEE,,,-$0.02,USD,1.19
2020-08-14T07:03:09.783439Z,AAPL,DIVIDEND,,,$0.25,USD,1.19
2020-08-20T16:20:42.271840Z,TSLA,SELL - MARKET,0.0361623,"$1,991.30",$72,USD,1.19
2020-08-24T17:00:17.748185Z,NVDA,SELL - MARKET,0.12803088,$507.69,$64.99,USD,1.19
2020-08-24T17:01:28.949603Z,ADBE,SELL - MARKET,0.23281554,$472.52,$110,USD,1.19
2020-08-31T08:18:47.543246Z,AAPL,STOCK SPLIT,1.06915566,,$0,USD,1.19
2020-08-31T08:21:22.506845Z,TSLA,STOCK SPLIT,0.40262876,,$0,USD,1.19
2020-08-31T23:07:42.124900Z,,CUSTODY FEE,,,-$0.01,USD,1.2
2020-09-11T07:16:41.106935Z,MSFT,DIVIDEND,,,$0.22,USD,1.19
2020-09-23T05:33:38.459059Z,BLK,DIVIDEND,,,$0.63,USD,1.17
2020-09-25T05:35:36.432869Z,NVDA,DIVIDEND,,,$0.08,USD,1.17
2020-09-30T23:22:32.495860Z,,CUSTODY FEE,,,-$0.02,USD,1.18
2020-10-05T13:30:27.104335Z,DDOG,SELL - MARKET,1.1165808,$104.79,$117,USD,1.18
2020-10-31T23:17:33.870843Z,,CUSTODY FEE,,,-$0.01,USD,1.18
2020-11-02T17:34:20.887409Z,NFLX,BUY - MARKET,0.18705574,$481.14,$90,USD,1.17
2020-11-02T17:35:06.007085Z,AMZN,BUY - MARKET,0.02346741,"$2,982.86",$70,USD,1.17
2020-11-02T17:35:54.583836Z,META,BUY - MARKET,0.30575195,$261.65,$80,USD,1.17
2020-11-13T07:18:00.540528Z,AAPL,DIVIDEND,,,$0.25,USD,1.19
2020-11-19T16:36:14.983465Z,TSLA,SELL - MARKET,0.09872083,$506.58,$50,USD,1.19
2020-11-19T16:36:56.826727Z,NVDA,SELL - MARKET,0.18812309,$531.62,$100,USD,1.19
2020-11-30T15:38:26.074399Z,,CASH TOP-UP,,,$23.96,USD,1.2
2020-11-30T23:55:41.781623Z,,CUSTODY FEE,,,-$0.02,USD,1.2
2020-12-11T06:57:11.833978Z,MSFT,DIVIDEND,,,$0.25,USD,1.22
2020-12-22T06:53:50.722455Z,BLK,DIVIDEND,,,$0.63,USD,1.23
2020-12-22T15:43:15.880712Z,PLUG,BUY - MARKET,5.52944429,$36.17,$200,USD,1.23
2020-12-22T15:46:54.695392Z,NIO,BUY - MARKET,4.14937759,$48.20,$200,USD,1.23
2020-12-22T15:49:02.530502Z,MSFT,BUY - MARKET,0.14103479,$224.20,$31.62,USD,1.22
2020-12-22T18:01:42.844971Z,TSLA,SELL - MARKET,0.08033347,$622.53,$50,USD,1.22
2020-12-22T18:02:09.290778Z,GOOGL,BUY - MARKET,0.02914585,"$1,715.51",$50,USD,1.22
2020-12-24T17:20:32.489452Z,,CASH TOP-UP,,,$600,USD,1.22
2020-12-24T17:21:44.047080Z,BABA,BUY - MARKET,0.90738542,$219.08,$200,USD,1.22
2020-12-28T14:40:06.266216Z,REGI,BUY - MARKET,2.62554484,$75.71,$200,USD,1.23
2020-12-28T14:44:29.399191Z,JD,BUY - MARKET,2.38660103,$83.29,$200,USD,1.23
2020-12-28T15:50:46.391484Z,,CASH TOP-UP,,,"$1,000",USD,1.23
2020-12-28T15:52:55.333263Z,SHOP,BUY - MARKET,0.17006459,"$1,168.85",$200,USD,1.23
2020-12-28T15:53:33.066143Z,TEAM,BUY - MARKET,0.85258417,$233.15,$200,USD,1.23
2020-12-28T15:56:58.180628Z,V,BUY - MARKET,0.9376415,$212,$200,USD,1.23
2020-12-28T15:57:42.500821Z,MA,BUY - MARKET,0.52142211,$342.87,$180,USD,1.23
2020-12-28T15:58:01.274096Z,MA,BUY - MARKET,0.05476655,$342.91,$20,USD,1.23
2020-12-29T18:52:29.911428Z,REGI,BUY - MARKET,0.72042534,$67.71,$50,USD,1.23
2020-12-30T07:42:42.010578Z,NVDA,DIVIDEND,,,$0.05,USD,1.23
2021-01-01T01:57:58.108010Z,,CUSTODY FEE,,,-$0.03,USD,1.23
2021-01-07T14:40:37.494576Z,PLUG,SELL - MARKET,1.08434518,$46.12,$50,USD,1.23
2021-01-07T14:42:02.175953Z,REGI,SELL - MARKET,1.13660643,$87.99,$100,USD,1.23
2021-01-07T14:43:56.738700Z,MA,BUY - MARKET,0.5698168,$350.99,$200,USD,1.23
2021-01-07T14:52:03.246412Z,,CASH TOP-UP,,,"$1,000",USD,1.23
2021-01-07T14:54:04.769884Z,V,BUY - MARKET,0.93205795,$213.27,$200,USD,1.23
2021-01-07T14:55:24.428892Z,AAPL,BUY - MARKET,1.54308337,$128.82,$200,USD,1.23
2021-01-07T14:58:09.408371Z,MSFT,BUY - MARKET,0.91582584,$217.05,$200,USD,1.23
2021-01-11T14:42:22.490806Z,DDOG,SELL - MARKET,2.00646729,$100,$199.43,USD,1.22
2021-01-15T16:55:23.333021Z,PLUG,SELL - MARKET,1.17995028,$60.35,$70,USD,1.21
2021-01-15T16:56:22.212820Z,NIO,SELL - MARKET,0.72247545,$57.04,$40,USD,1.21
2021-01-25T14:33:34.994744Z,BB,BUY - MARKET,10.25641025,$19.50,$201.21,USD,1.22
2021-01-25T14:34:22.042644Z,PLTR,BUY - MARKET,5.78034682,$34.60,$201.21,USD,1.22
2021-01-25T14:34:33.853691Z,GME,BUY - MARKET,4.100041,$97.56,$401.21,USD,1.22
2021-01-27T13:50:27.679255Z,,CASH TOP-UP,,,"$1,000",USD,1.22
2021-01-27T14:31:07.127330Z,GME,SELL - MARKET,0.100041,$295.98,$28.39,USD,1.22
2021-01-27T16:14:18.204877Z,GME,SELL - STOP,1,$347.98,$346.76,USD,1.21
2021-01-27T17:26:52.674307Z,GME,SELL - STOP,1,$292,$290.78,USD,1.22
2021-01-27T19:06:20.212806Z,AMC,BUY - MARKET,20,$17.74,$354.80,USD,1.22
2021-01-27T20:00:13.133144Z,BB,SELL - MARKET,0.25641025,$26.29,$6.73,USD,1.22
2021-01-28T14:30:23.550230Z,MA,BUY - MARKET,0.15290519,$327,$50,USD,1.22
2021-01-28T14:30:25.648752Z,V,BUY - MARKET,0.24752475,$202,$50,USD,1.22
2021-01-28T14:33:58.431126Z,BB,BUY - MARKET,5,$18.73,$93.65,USD,1.22
2021-01-28T14:48:54.643954Z,AMC,BUY - MARKET,15,$14.49,$217.35,USD,1.22
2021-01-28T14:54:56.320029Z,ADBE,SELL - MARKET,0.2225354,$465.27,$103.53,USD,1.22
2021-01-28T14:55:45.182246Z,AAPL,SELL - MARKET,0.06862425,$138.58,$9.50,USD,1.22
2021-01-28T14:55:54.800180Z,AMC,BUY - MARKET,15,$14.69,$220.35,USD,1.22
2021-01-28T15:43:02.820735Z,BABA,SELL - MARKET,0.00738542,$258.62,$1.90,USD,1.22
2021-01-28T15:45:15.226187Z,BB,BUY - MARKET,10,$14.52,$145.20,USD,1.22
2021-01-28T15:45:36.825461Z,PLTR,BUY - MARKET,2,$36.95,$73.90,USD,1.22
2021-01-28T15:51:19.961948Z,AMC,BUY - MARKET,15,$8.39,$125.85,USD,1.22
2021-01-28T16:24:24.540146Z,PLTR,SELL - MARKET,7.78034682,$34.06,$264.98,USD,1.22
2021-01-28T16:24:40.753179Z,GME,SELL - MARKET,2,$124.38,$248.75,USD,1.22
2021-01-28T16:28:39.110681Z,BB,SELL - MARKET,15,$14.01,$210.14,USD,1.22
2021-01-28T16:29:22.300037Z,AMC,SELL - MARKET,35,$7.01,$245.33,USD,1.22
2021-01-29T17:56:57.108049Z,AMC,SELL - STOP,10,$13.10,$130.99,USD,1.22
2021-02-01T02:33:34.508671Z,,CUSTODY FEE,,,-$0.04,USD,1.22
2021-02-01T14:31:10.500390Z,PLUG,BUY - MARKET,3.10414403,$64.43,$200,USD,1.22
2021-02-01T14:31:22.513971Z,ENPH,BUY - MARKET,1.61603102,$185.64,$300,USD,1.21
2021-02-01T14:32:37.144288Z,BLK,BUY - MARKET,0.08456659,$709.50,$60,USD,1.21
2021-02-01T15:15:13.359191Z,ADBE,SELL - MARKET,0.2,$462.35,$92.46,USD,1.21
2021-02-01T15:21:59.904822Z,AAPL,BUY - MARKET,1.1,$132.64,$145.90,USD,1.21
2021-02-01T15:27:01.218821Z,AG,BUY - MARKET,9,$22.26,$200.34,USD,1.21
2021-02-01T15:29:00.614354Z,NVAX,BUY - MARKET,0.73553749,$271.91,$200,USD,1.21
2021-02-01T15:29:18.597068Z,SPWR,BUY - MARKET,5,$47.60,$238,USD,1.21
2021-02-01T15:30:26.506302Z,MRNA,BUY - MARKET,1.2,$164.19,$197.03,USD,1.21
2021-02-01T16:15:27.690511Z,AMC,SELL - MARKET,10,$14.52,$145.19,USD,1.21
2021-02-02T17:15:40.476880Z,BB,SELL - MARKET,5,$11.67,$58.35,USD,1.21
2021-02-02T17:16:14.444231Z,AMC,SELL - MARKET,2,$8.04,$16.07,USD,1.21
2021-02-02T17:16:54.741439Z,AG,BUY - MARKET,3,$17.40,$52.20,USD,1.21
2021-02-03T14:32:20.563947Z,ROKU,BUY - MARKET,0.47041113,$425.16,$200,USD,1.21
2021-02-03T22:23:27.314338Z,,CASH TOP-UP,,,"$1,000",USD,1.21
2021-02-04T14:31:11.138237Z,BILI,BUY - MARKET,1.33333333,$150,$200,USD,1.2
2021-02-04T14:31:15.829803Z,TIGR,BUY - MARKET,8.23384108,$24.29,$200,USD,1.2
2021-02-04T14:31:34.186185Z,AMD,BUY - MARKET,2.2652622,$88.29,$200,USD,1.2
2021-02-04T14:32:49.023925Z,FVRR,BUY - MARKET,0.81109579,$246.58,$200,USD,1.2
2021-02-05T14:30:40.038869Z,SPWR,SELL - MARKET,2,$40.27,$80.53,USD,1.21
2021-02-05T14:32:35.246852Z,SQ,BUY - MARKET,0.83857442,$238.50,$200,USD,1.21
2021-02-05T16:33:47.983793Z,SPWR,BUY - MARKET,2,$42.35,$84.70,USD,1.21
2021-02-08T14:42:31.492015Z,BB,SELL - MARKET,5,$14.18,$70.89,USD,1.21
2021-02-09T14:40:38.739633Z,AMC,SELL - MARKET,8,$5.56,$44.47,USD,1.21
2021-02-09T14:40:57.661393Z,AG,SELL - MARKET,12,$16.83,$201.96,USD,1.21
2021-02-09T14:43:44.102747Z,GOOGL,BUY - MARKET,0.04793542,"$2,086.14",$100,USD,1.21
2021-02-09T17:44:58.104531Z,TXMD,BUY - MARKET,80,$2.51,$200.79,USD,1.22
2021-02-09T17:48:02.618821Z,,CASH TOP-UP,,,$200,USD,1.22
2021-02-09T17:49:23.795731Z,XPEV,BUY - MARKET,4.5,$46.34,$208.53,USD,1.22
2021-02-09T18:34:06.192668Z,TSLA,SELL - MARKET,0.16211582,$844.70,$136.93,USD,1.22
2021-02-09T18:37:45.508936Z,TSLA,SELL - MARKET,0.16211583,$844.64,$136.92,USD,1.22
2021-02-09T18:40:08.392941Z,V,SELL - MARKET,0.1172242,$207.30,$24.29,USD,1.22
2021-02-09T18:40:52.129635Z,MA,SELL - MARKET,0.29891065,$333.08,$99.55,USD,1.22
2021-02-09T18:41:35.819635Z,V,SELL - MARKET,0.4,$207.15,$82.85,USD,1.22
2021-02-09T18:43:42.564879Z,SHOP,SELL - MARKET,0.01006459,"$1,445.66",$14.54,USD,1.22
2021-02-09T18:45:09.963506Z,AMD,SELL - MARKET,1.2652622,$90.98,$115.10,USD,1.22
2021-02-09T18:52:27.009572Z,ENPH,SELL - MARKET,0.61603102,$199.70,$123.01,USD,1.22
2021-02-09T18:54:35.138403Z,MSFT,SELL - MARKET,0.07227141,$243.25,$17.57,USD,1.22
2021-02-09T18:55:08.148035Z,PLUG,SELL - MARKET,0.36929286,$69.16,$25.53,USD,1.22
2021-02-09T19:00:10.685091Z,MRNA,SELL - MARKET,0.2,$177.85,$35.56,USD,1.22
2021-02-09T19:00:58.177120Z,TIGR,SELL - MARKET,0.23384108,$28.27,$6.60,USD,1.22
2021-02-09T19:02:26.534708Z,NVDA,SELL - MARKET,0.10129192,$572.70,$58,USD,1.22
2021-02-09T20:22:49.692190Z,TSLA,BUY - MARKET,0.5,$846.70,$423.35,USD,1.22
2021-02-10T06:34:48.613320Z,MA,DIVIDEND,,,$0.21,USD,1.22
2021-02-10T15:31:05.352365Z,TSLA,BUY - MARKET,0.5,$814.26,$407.13,USD,1.22
2021-02-10T15:36:37.020308Z,ROKU,SELL - MARKET,0.17041113,$457.83,$78.01,USD,1.22
2021-02-10T15:36:51.618829Z,AAPL,BUY - MARKET,1,$135.59,$135.59,USD,1.22
2021-02-10T15:38:08.138285Z,PLUG,BUY - MARKET,1,$64.60,$64.60,USD,1.22
2021-02-10T17:12:45.813697Z,,CASH TOP-UP,,,$50,USD,1.22
2021-02-10T17:13:50.293945Z,TXMD,BUY - MARKET,20,$2.14,$42.90,USD,1.22
2021-02-11T14:57:55.721867Z,,CASH TOP-UP,,,$100,USD,1.22
2021-02-11T14:58:13.545627Z,TXMD,BUY - MARKET,20,$1.95,$38.98,USD,1.22
2021-02-12T06:56:12.438822Z,AAPL,DIVIDEND,,,$0.70,USD,1.22
2021-02-16T14:46:45.561905Z,TXMD,SELL - MARKET,120,$1.92,$230.39,USD,1.22
2021-02-16T15:09:40.453319Z,NVAX,SELL - MARKET,0.33553749,$282.50,$94.78,USD,1.22
2021-02-16T17:04:04.749362Z,PLUG,BUY - MARKET,1,$61.08,$61.08,USD,1.22
2021-02-16T17:06:47.510066Z,PLUG,SELL - MARKET,8,$57.01,$456.06,USD,1.22
2021-02-16T17:07:37.045220Z,PLUG,BUY - MARKET,8,$57.69,$461.52,USD,1.22
2021-02-16T17:11:40.149707Z,SPWR,SELL - MARKET,2,$46.42,$92.83,USD,1.22
2021-02-16T17:21:04.952747Z,AAPL,BUY - MARKET,1,$133.42,$133.42,USD,1.22
2021-02-16T17:23:05.231489Z,XPEV,BUY - MARKET,1,$45.22,$45.22,USD,1.22
2021-02-16T17:25:48.012753Z,NVAX,BUY - MARKET,0.1,$269.70,$26.97,USD,1.22
2021-02-16T17:50:49.955180Z,ENPH,BUY - MARKET,0.5,$195.34,$97.67,USD,1.22
2021-02-17T18:58:41.036519Z,TIGR,BUY - LIMIT,1,$32.50,$32.50,USD,1.21
2021-02-18T14:58:15.765713Z,,CASH TOP-UP,,,$300,USD,1.21
2021-02-18T14:59:08.992550Z,SPWR,BUY - MARKET,2,$39,$78,USD,1.21
2021-02-18T15:00:35.973692Z,XPEV,BUY - MARKET,0.5,$41.92,$20.96,USD,1.21
2021-02-18T15:02:36.530526Z,REGI,BUY - MARKET,0.79063625,$96.20,$76.06,USD,1.21
2021-02-18T15:19:09.741581Z,PLUG,BUY - LIMIT,1,$52,$52,USD,1.21
2021-02-18T16:13:29.116160Z,TIGR,BUY - MARKET,1,$31,$31,USD,1.21
2021-02-18T16:15:30.393936Z,BLK,BUY - MARKET,0.06187656,$702.69,$43.48,USD,1.21
2021-02-18T16:16:34.621918Z,ENPH,BUY - MARKET,0.2,$179.50,$35.90,USD,1.21
2021-02-18T18:15:19.122876Z,,CASH TOP-UP,,,$200,USD,1.21
2021-02-18T18:15:37.711783Z,AAPL,BUY - MARKET,1,$128.65,$128.65,USD,1.21
2021-02-18T18:16:54.804504Z,BLK,BUY - MARKET,0.05,$700,$35,USD,1.21
2021-02-18T18:18:58.577297Z,GOOGL,BUY - MARKET,0.00410063,"$2,102.12",$8.62,USD,1.21
2021-02-18T20:50:31.235949Z,SPWR,BUY - MARKET,1,$36.16,$36.16,USD,1.21
2021-02-18T20:53:14.005570Z,,CASH TOP-UP,,,$100,USD,1.21
2021-02-18T20:53:19.447244Z,REGI,BUY - MARKET,0.5,$94.14,$47.07,USD,1.21
2021-02-18T20:55:31.567615Z,NIO,BUY - MARKET,0.57309786,$54.39,$31.17,USD,1.21
2021-02-19T15:04:26.382587Z,MRNA,SELL - MARKET,0.5,$173.40,$86.69,USD,1.22
2021-02-19T15:06:02.825093Z,META,BUY - MARKET,0.20888313,$266.61,$55.69,USD,1.22
2021-02-19T15:07:29.194876Z,NVAX,SELL - MARKET,0.3,$279.37,$83.80,USD,1.22
2021-02-19T15:10:38.453475Z,TEAM,SELL - MARKET,0.35258417,$256.11,$90.29,USD,1.22
2021-02-19T15:12:05.288116Z,V,BUY - MARKET,0.2,$205.05,$41.01,USD,1.22
2021-02-19T15:12:23.276499Z,MA,BUY - MARKET,0.1,$333.90,$33.39,USD,1.22
2021-02-19T16:09:15.567292Z,TIGR,SELL - MARKET,5,$36.97,$184.84,USD,1.22
2021-02-19T16:15:06.188819Z,TIGR,BUY - LIMIT,1,$36.50,$36.50,USD,1.22
2021-02-19T17:35:27.684667Z,REGI,BUY - MARKET,0.5,$97.02,$48.51,USD,1.22
2021-02-19T17:40:25.541578Z,TIGR,BUY - LIMIT,1,$36,$36,USD,1.22
2021-02-19T17:42:28.789398Z,TIGR,BUY - LIMIT,1,$35.50,$35.50,USD,1.22
2021-02-19T19:16:40.894204Z,TSLA,BUY - MARKET,0.1,$782.80,$78.28,USD,1.22
2021-02-19T19:17:41.912445Z,META,BUY - MARKET,0.2,$261.90,$52.38,USD,1.22
2021-02-19T19:22:27.806942Z,BIDU,BUY - MARKET,0.1,$321,$32.10,USD,1.22
2021-02-19T19:54:43.954669Z,TIGR,BUY - LIMIT,1,$35,$35,USD,1.22
2021-02-19T20:52:01.424104Z,XPEV,BUY - MARKET,0.5,$40.86,$20.43,USD,1.22
2021-02-20T12:51:13.189935Z,,CASH TOP-UP,,,$100,USD,1.23
2021-02-22T14:41:06.809825Z,PYPL,BUY - MARKET,0.2,$282.60,$56.52,USD,1.22
2021-02-22T14:42:13.363140Z,TIGR,BUY - MARKET,1,$33.71,$33.71,USD,1.22
2021-02-22T16:06:41.212661Z,TME,BUY - MARKET,0.5,$24.92,$12.46,USD,1.22
2021-02-22T16:07:39.487221Z,,CASH TOP-UP,,,$100,USD,1.22
2021-02-22T16:08:04.810420Z,TIGR,BUY - MARKET,1,$30.89,$30.89,USD,1.22
2021-02-22T16:22:07.144505Z,AAPL,BUY - MARKET,0.5,$126.76,$63.38,USD,1.22
2021-02-22T17:40:48.541818Z,MRNA,SELL - MARKET,0.3,$162.47,$48.73,USD,1.22
2021-02-22T17:44:33.375425Z,BILI,BUY - MARKET,0.07777777,$133.46,$10.38,USD,1.22
2021-02-22T17:45:20.348104Z,BILI,BUY - MARKET,0.08888889,$133.54,$11.87,USD,1.22
2021-02-22T20:02:22.975769Z,BKNG,BUY - MARKET,0.001,"$2,370",$2.37,USD,1.22
2021-02-22T20:03:52.570243Z,FVRR,SELL - MARKET,0.31109579,$280.01,$87.10,USD,1.22
2021-02-22T20:25:51.841272Z,GME,BUY - MARKET,1.5,$45.68,$68.52,USD,1.22
2021-02-22T20:37:11.744202Z,SPWR,BUY - LIMIT,1,$33,$33,USD,1.22
2021-02-23T15:07:12.761013Z,TSLA,SELL - MARKET,0.6,$661.62,$396.95,USD,1.22
2021-02-23T15:07:56.084115Z,GOOGL,BUY - MARKET,0.19,"$2,014.74",$382.80,USD,1.22
2021-02-23T15:09:24.071328Z,PLUG,SELL - MARKET,2,$43.52,$87.03,USD,1.22
2021-02-23T15:11:48.243266Z,GOOGL,BUY - MARKET,0.05,"$2,020",$101,USD,1.22
2021-02-23T15:12:45.470736Z,TIGR,SELL - MARKET,3,$27.02,$81.04,USD,1.22
2021-02-23T15:13:32.023689Z,GME,SELL - MARKET,1.5,$43.07,$64.60,USD,1.22
2021-02-23T15:13:46.356484Z,MSFT,BUY - MARKET,0.5,$231.78,$115.89,USD,1.22
2021-02-23T15:14:18.283991Z,ENPH,SELL - MARKET,0.7,$159,$111.29,USD,1.22
2021-02-23T15:17:23.557490Z,AMZN,BUY - MARKET,0.01213,"$3,128.61",$37.95,USD,1.22
2021-02-23T15:18:49.486798Z,SPWR,SELL - MARKET,2,$31.56,$63.11,USD,1.22
2021-02-23T15:19:09.361755Z,XPEV,SELL - MARKET,2.5,$35.08,$87.68,USD,1.22
2021-02-23T15:20:37.769385Z,BLK,BUY - MARKET,0.1,$691.70,$69.17,USD,1.22
2021-02-23T15:21:12.130647Z,BILI,SELL - MARKET,0.49999999,$122.88,$61.43,USD,1.22
2021-02-23T15:22:09.752499Z,NVDA,BUY - MARKET,0.2,$550.45,$110.09,USD,1.22
2021-02-23T15:22:48.021822Z,PYPL,BUY - MARKET,0.3,$263.80,$79.14,USD,1.22
2021-02-23T15:23:47.229993Z,BABA,BUY - MARKET,0.1,$248.30,$24.83,USD,1.22
2021-02-23T15:27:41.416729Z,REGI,SELL - MARKET,1.5,$91.04,$136.55,USD,1.22
2021-02-23T15:28:05.212359Z,META,BUY - MARKET,0.3,$264.93,$79.48,USD,1.22
2021-02-23T15:28:33.528336Z,AMZN,BUY - MARKET,0.02,"$3,151.50",$63.03,USD,1.22
2021-02-23T15:29:06.120707Z,XPEV,SELL - MARKET,1,$35.69,$35.68,USD,1.22
2021-02-23T15:29:57.729916Z,TSLA,BUY - MARKET,0.1,$691.70,$69.17,USD,1.22
2021-02-23T15:31:32.739616Z,BILI,SELL - MARKET,0.5,$124.22,$62.10,USD,1.22
2021-02-23T15:33:14.054680Z,NVAX,SELL - MARKET,0.2,$228.55,$45.70,USD,1.22
2021-02-23T15:33:27.687805Z,MRNA,SELL - MARKET,0.2,$143.65,$28.72,USD,1.22
2021-02-23T15:34:10.670238Z,PYPL,BUY - MARKET,0.5,$264.10,$132.05,USD,1.22
2021-02-23T15:34:28.006592Z,ROKU,SELL - MARKET,0.2,$410.35,$82.06,USD,1.22
2021-02-23T15:34:51.205291Z,XPEV,SELL - MARKET,1,$35.31,$35.30,USD,1.22
2021-02-23T15:35:51.351072Z,AAPL,BUY - MARKET,0.5,$122.72,$61.36,USD,1.22
2021-02-23T15:40:49.011950Z,JD,BUY - MARKET,0.61339897,$96.43,$59.15,USD,1.22
2021-02-23T17:43:59.245878Z,PLUG,SELL - MARKET,3,$44.75,$134.24,USD,1.22
2021-02-23T17:46:06.486132Z,TSLA,SELL - MARKET,0.2,$671.65,$134.32,USD,1.22
2021-02-23T18:02:56.165553Z,KO,BUY - MARKET,5,$50.87,$254.35,USD,1.22
2021-02-23T18:06:00.134883Z,REGI,SELL - MARKET,0.5,$90.40,$45.19,USD,1.22
2021-02-23T18:08:52.881447Z,BIDU,SELL - MARKET,0.1,$307.50,$30.74,USD,1.22
2021-02-23T18:11:24.681781Z,GOOGL,BUY - MARKET,0.05,"$2,027.60",$101.38,USD,1.22
2021-02-24T23:23:35.893431Z,,CASH TOP-UP,,,$100,USD,1.22
2021-02-25T14:30:20.633753Z,KO,SELL - MARKET,1,$50.39,$50.38,USD,1.23
2021-02-25T14:30:27.591245Z,AAPL,SELL - MARKET,1,$124.30,$124.29,USD,1.23
2021-02-25T14:30:45.973332Z,GOOGL,SELL - MARKET,0.05,"$2,065.60",$103.27,USD,1.23
2021-02-25T14:39:19.884285Z,BB,BUY - MARKET,5,$11.73,$58.65,USD,1.23
2021-02-25T14:39:33.555460Z,GME,BUY - MARKET,2,$149.03,$298.06,USD,1.23
2021-02-25T14:41:00.135232Z,GME,SELL - MARKET,2,$133,$265.98,USD,1.23
2021-02-25T14:44:09.142691Z,BB,SELL - MARKET,5,$11.26,$56.29,USD,1.23
2021-02-25T15:02:49.779667Z,GME,BUY - MARKET,2,$114.76,$229.52,USD,1.23
2021-02-25T16:43:48.077377Z,BKNG,BUY - MARKET,0.049,"$2,304.69",$112.93,USD,1.23
2021-02-25T17:34:13.737184Z,REGI,SELL - MARKET,0.5,$87.24,$43.61,USD,1.23
2021-02-25T17:34:54.816086Z,NIO,SELL - MARKET,1,$48.20,$48.19,USD,1.23
2021-02-25T17:35:50.182997Z,TSLA,SELL - MARKET,0.1,$693,$69.29,USD,1.23
2021-02-25T17:37:17.565309Z,AMZN,BUY - MARKET,0.05,"$3,104.80",$155.24,USD,1.23
2021-02-25T17:39:05.581155Z,SQ,SELL - MARKET,0.23857442,$231.29,$55.17,USD,1.23
2021-02-25T17:39:52.039981Z,SPWR,SELL - MARKET,1,$35.47,$35.46,USD,1.23
2021-02-25T17:40:19.868769Z,TIGR,SELL - MARKET,1,$25.71,$25.70,USD,1.23
2021-02-25T17:48:36.950750Z,PYPL,BUY - MARKET,0.4,$254.80,$101.92,USD,1.23
2021-02-26T20:31:08.826895Z,TIGR,SELL - MARKET,2,$23.78,$47.56,USD,1.21
2021-02-26T20:32:07.817148Z,PLUG,SELL - MARKET,1,$48.23,$48.22,USD,1.21
2021-02-26T20:32:34.170513Z,GME,BUY - MARKET,1,$109.87,$109.87,USD,1.21
2021-03-01T05:30:45.936419Z,,CUSTODY FEE,,,-$0.07,USD,1.21
2021-03-02T00:40:35.049858Z,,CASH TOP-UP,,,$200,USD,1.21
2021-03-02T05:28:49.101669Z,V,DIVIDEND,,,$0.43,USD,1.21
2021-03-02T14:32:04.624363Z,RKT,BUY - MARKET,7,$27.89,$195.23,USD,1.21
2021-03-02T14:42:48.491162Z,RKT,SELL - MARKET,7,$28.60,$200.20,USD,1.21
2021-03-02T18:14:14.375498Z,RKT,BUY - MARKET,5,$34.46,$172.28,USD,1.21
2021-03-03T14:34:14.621741Z,RKT,SELL - STOP,5,$36.86,$184.29,USD,1.21
2021-03-03T14:52:21.257121Z,FVRR,SELL - MARKET,0.1,$260,$25.99,USD,1.21
2021-03-03T14:52:39.386274Z,MSFT,BUY - MARKET,1,$231.46,$231.46,USD,1.21
2021-03-03T17:18:58.845937Z,TIGR,SELL - MARKET,3,$21.93,$65.78,USD,1.21
2021-03-03T17:19:54.203573Z,BKNG,BUY - MARKET,0.03,"$2,307.33",$69.22,USD,1.21
2021-03-03T18:02:03.541146Z,PLUG,SELL - MARKET,2,$46.58,$93.15,USD,1.21
2021-03-03T18:03:10.228918Z,GOOGL,BUY - MARKET,0.05,"$2,029",$101.45,USD,1.21
2021-03-03T18:03:52.782584Z,TSLA,SELL - MARKET,0.1,$677.50,$67.74,USD,1.21
2021-03-03T18:04:24.221457Z,NIO,SELL - MARKET,1,$42.80,$42.79,USD,1.21
2021-03-03T18:04:46.239964Z,SPWR,SELL - MARKET,2,$33.59,$67.17,USD,1.21
2021-03-03T18:05:12.159830Z,REGI,SELL - MARKET,0.5,$78.14,$39.06,USD,1.21
2021-03-03T18:05:33.014858Z,ENPH,SELL - MARKET,0.5,$165.12,$82.55,USD,1.21
2021-03-03T18:06:19.626338Z,AMZN,BUY - MARKET,0.05,"$3,034.80",$151.74,USD,1.21
2021-03-03T18:06:55.104131Z,META,BUY - MARKET,0.5,$256.38,$128.19,USD,1.21
2021-03-04T15:28:28.932837Z,GME,SELL - MARKET,1,$119.58,$119.57,USD,1.21
2021-03-04T15:30:14.815195Z,NVDA,SELL - MARKET,0.1,$503.30,$50.32,USD,1.21
2021-03-04T15:42:51.273911Z,DIS,BUY - MARKET,1,$189.23,$189.23,USD,1.21
2021-03-05T15:06:20.149269Z,SHOP,SELL - MARKET,0.06,"$1,108.33",$66.49,USD,1.2
2021-03-05T15:06:49.320333Z,PYPL,BUY - MARKET,0.3,$233.37,$70.01,USD,1.2
2021-03-05T15:28:43.550386Z,PYPL,SELL - MARKET,0.7,$228.99,$160.28,USD,1.2
2021-03-05T15:29:40.377219Z,MRO,BUY - MARKET,4,$12.78,$51.12,USD,1.2
2021-03-05T15:30:02.882352Z,XOM,BUY - MARKET,1,$59.87,$59.87,USD,1.2
2021-03-05T15:30:23.513062Z,CVX,BUY - MARKET,0.5,$107.56,$53.78,USD,1.2
2021-03-05T15:33:10.178728Z,SQ,SELL - MARKET,0.2,$200,$39.99,USD,1.2
2021-03-05T15:34:17.514203Z,JD,SELL - MARKET,1,$87.75,$87.74,USD,1.2
2021-03-05T15:34:59.048081Z,FVRR,SELL - MARKET,0.1,$203.20,$20.31,USD,1.2
2021-03-05T15:37:09.600229Z,FVRR,SELL - MARKET,0.3,$205.57,$61.66,USD,1.2
2021-03-05T15:37:26.944618Z,NIO,SELL - MARKET,2,$34.12,$68.24,USD,1.2
2021-03-05T15:37:43.603644Z,TIGR,SELL - MARKET,2,$18.23,$36.45,USD,1.2
2021-03-05T15:38:04.704214Z,ENPH,SELL - MARKET,0.5,$135.08,$67.53,USD,1.2
2021-03-05T15:38:18.705796Z,XPEV,SELL - MARKET,2,$26.35,$52.69,USD,1.2
2021-03-05T15:38:35.693103Z,SPWR,SELL - MARKET,2,$28.68,$57.35,USD,1.2
2021-03-05T15:39:05.026549Z,REGI,SELL - MARKET,1,$69.23,$69.22,USD,1.2
2021-03-05T15:39:21.088409Z,BILI,SELL - MARKET,0.5,$114.58,$57.28,USD,1.2
2021-03-05T15:39:39.386377Z,ROKU,SELL - MARKET,0.1,$335.30,$33.52,USD,1.2
2021-03-05T15:40:16.003344Z,PLUG,SELL - MARKET,1,$34.89,$34.88,USD,1.2
2021-03-05T15:40:28.337202Z,SQ,SELL - MARKET,0.4,$200.78,$80.30,USD,1.2
2021-03-05T15:40:47.908568Z,TEAM,SELL - MARKET,0.5,$223.68,$111.83,USD,1.2
2021-03-05T15:41:05.036911Z,TME,SELL - MARKET,0.5,$24,$11.99,USD,1.2
2021-03-05T15:41:44.729837Z,TSLA,SELL - MARKET,0.2,$572.40,$114.47,USD,1.2
2021-03-05T15:42:18.970586Z,BKNG,BUY - MARKET,0.02,"$2,228",$44.56,USD,1.2
2021-03-05T17:45:39.150732Z,PYPL,SELL - LIMIT,1,$237,$236.99,USD,1.2
2021-03-05T17:49:58.735320Z,PYPL,BUY - MARKET,1,$236.63,$236.63,USD,1.2
2021-03-08T18:57:27.581007Z,GME,SELL - STOP,2,$173.29,$346.57,USD,1.19
2021-03-11T14:48:38.228948Z,AAPL,BUY - MARKET,1,$122.03,$122.03,USD,1.2
2021-03-11T14:50:28.636126Z,MSFT,BUY - MARKET,1,$235.54,$235.54,USD,1.2
2021-03-11T14:51:08.386334Z,V,BUY - MARKET,0.2,$224.85,$44.97,USD,1.2
2021-03-11T14:51:29.295756Z,MA,BUY - MARKET,0.1,$384.90,$38.49,USD,1.2
2021-03-11T14:52:29.628556Z,MA,BUY - MARKET,0.1,$385.20,$38.52,USD,1.2
2021-03-11T14:53:07.591903Z,V,BUY - MARKET,0.2,$225.35,$45.07,USD,1.2
2021-03-11T14:58:09.826359Z,GS,BUY - MARKET,1,$342.70,$342.70,USD,1.2
2021-03-11T14:58:49.904189Z,JPM,BUY - MARKET,2,$155.36,$310.72,USD,1.2
2021-03-11T17:21:58.921110Z,PYPL,BUY - MARKET,0.5,$254.06,$127.03,USD,1.2
2021-03-12T05:30:30.817518Z,MSFT,DIVIDEND,,,$0.71,USD,1.2
2021-03-16T14:50:20.882144Z,XOM,SELL - MARKET,1,$59.03,$59.02,USD,1.2
2021-03-16T14:50:34.483875Z,CVX,SELL - MARKET,0.5,$107.62,$53.80,USD,1.2
2021-03-16T14:50:52.364863Z,MRO,SELL - MARKET,4,$11.43,$45.71,USD,1.2
2021-03-24T04:22:43.428009Z,BLK,DIVIDEND,,,$1.76,USD,1.19
2021-03-26T19:55:36.899669Z,GS,BUY - MARKET,0.2,$326.80,$65.36,USD,1.18
2021-03-26T19:56:29.992070Z,BABA,BUY - MARKET,0.2,$226.85,$45.37,USD,1.18
2021-04-01T04:30:39.773432Z,NVDA,DIVIDEND,,,$0.05,USD,1.18
2021-04-01T08:16:57.353077Z,,CUSTODY FEE,,,-$0.81,USD,1.18
2021-04-05T04:52:20.268593Z,KO,DIVIDEND,,,$1.43,USD,1.18
2021-04-15T17:15:30.056482Z,,CASH TOP-UP,,,$100,USD,1.2
2021-04-15T17:15:54.689439Z,COIN,BUY - MARKET,0.3,$334.77,$100.43,USD,1.2
2021-04-19T09:36:06.350302Z,,CASH TOP-UP,,,$100,USD,1.21
2021-04-19T15:23:57.847307Z,COIN,BUY - MARKET,0.3,$331.70,$99.51,USD,1.21
2021-04-19T15:27:05.494967Z,JD,BUY - MARKET,0.5,$76.80,$38.40,USD,1.21
2021-04-20T10:08:05.531365Z,,CASH TOP-UP,,,$100,USD,1.21
2021-04-26T18:26:23.888884Z,COIN,BUY - MARKET,0.1,$300.50,$30.05,USD,1.21
2021-04-29T16:37:11.868448Z,COIN,BUY - MARKET,0.1,$293.80,$29.38,USD,1.22
2021-05-01T02:23:41.006605Z,,CUSTODY FEE,,,-$0.90,USD,1.22
2021-05-03T04:51:30.133734Z,JPM,DIVIDEND,,,$1.53,USD,1.21
2021-05-03T18:03:17.948830Z,,CASH TOP-UP,,,$100,USD,1.21
2021-05-03T18:03:35.407791Z,COIN,BUY - MARKET,0.2,$296.90,$59.38,USD,1.21
2021-05-03T18:05:11.717180Z,AMD,BUY - MARKET,1,$78.84,$78.84,USD,1.21
2021-05-04T14:49:15.126234Z,,CASH TOP-UP,,,$100,USD,1.21
2021-05-04T14:49:47.980906Z,COIN,BUY - MARKET,0.2,$281.80,$56.36,USD,1.21
2021-05-04T16:08:58.601028Z,COIN,BUY - MARKET,0.2,$277.65,$55.53,USD,1.21
2021-05-06T16:30:56.184079Z,,CASH TOP-UP,,,$100,USD,1.21
2021-05-06T16:31:14.278489Z,COIN,BUY - MARKET,0.2,$257.90,$51.58,USD,1.21
2021-05-10T04:25:36.491194Z,MA,DIVIDEND,,,$0.48,USD,1.22
2021-05-10T14:36:04.000830Z,,CASH TOP-UP,,,$300,USD,1.22
2021-05-10T14:37:33.666462Z,NFLX,BUY - MARKET,0.18321764,$495.64,$90.81,USD,1.22
2021-05-10T14:38:13.582959Z,PYPL,BUY - MARKET,0.4,$245.35,$98.14,USD,1.22
2021-05-10T14:38:40.195070Z,BABA,BUY - MARKET,0.2,$220.30,$44.06,USD,1.22
2021-05-10T14:40:25.771307Z,AMZN,BUY - MARKET,0.03,"$3,233.33",$97,USD,1.22
2021-05-14T04:29:15.311861Z,AAPL,DIVIDEND,,,$1.50,USD,1.21
2021-05-17T14:02:06.448643Z,,CASH TOP-UP,,,$100,USD,1.22
2021-05-17T14:02:25.423091Z,COIN,BUY - MARKET,0.2,$239.75,$47.95,USD,1.22
2021-05-19T13:36:56.082569Z,COIN,BUY - MARKET,0.2,$215.30,$43.06,USD,1.23
2021-06-01T04:07:41.637047Z,,CUSTODY FEE,,,-$0.96,USD,1.23
2021-06-01T13:51:34.783665Z,,CASH TOP-UP,,,$100,USD,1.23
2021-06-01T13:51:54.177846Z,AMC,BUY - MARKET,3,$31.11,$93.33,USD,1.23
2021-06-02T04:51:24.691724Z,V,DIVIDEND,,,$0.59,USD,1.23
2021-06-02T16:21:22.375867Z,AMC,SELL - MARKET,1,$52.06,$52.05,USD,1.23
2021-06-02T17:17:10.651462Z,AMC,SELL - MARKET,1,$68.05,$68.04,USD,1.23
2021-06-02T17:17:32.086477Z,AMC,SELL - MARKET,1,$68.32,$68.31,USD,1.23
2021-06-09T13:38:12.534567Z,TSM,BUY - MARKET,0.5,$116.82,$58.41,USD,1.23
2021-06-09T14:04:29.307820Z,COIN,BUY - MARKET,0.2,$219.60,$43.92,USD,1.23
2021-06-11T04:35:38.864109Z,MSFT,DIVIDEND,,,$1.90,USD,1.22
2021-06-24T04:30:25.742275Z,BLK,DIVIDEND,,,$1.76,USD,1.2
2021-06-24T14:05:29.775075Z,JPM,BUY - MARKET,0.5,$151.56,$75.78,USD,1.2
2021-06-24T14:06:35.851275Z,,CASH TOP-UP,,,$100,USD,1.2
2021-06-24T14:06:41.311770Z,GS,BUY - MARKET,0.2,$363.50,$72.70,USD,1.2
2021-06-24T14:07:07.665551Z,,CASH TOP-UP,,,$50,USD,1.2
2021-06-24T14:07:12.330773Z,BLK,BUY - MARKET,0.1,$865.60,$86.56,USD,1.2
2021-06-30T04:57:09.123261Z,GS,DIVIDEND,,,$1.27,USD,1.2
2021-07-01T03:11:50.561936Z,,CUSTODY FEE,,,-$1.05,USD,1.19
2021-07-02T04:44:23.449693Z,NVDA,DIVIDEND,,,$0.05,USD,1.19
2021-07-02T04:47:05.753610Z,KO,DIVIDEND,,,$1.43,USD,1.19
2021-07-14T11:48:34.027376Z,,CASH TOP-UP,,,$200,USD,1.19
2021-07-16T04:25:50.868632Z,TSM,DIVIDEND,,,$0.17,USD,1.19
2021-07-19T16:00:38.922970Z,TSM,BUY - MARKET,0.5,$114.48,$57.24,USD,1.19
2021-07-19T16:01:48.635466Z,,CASH TOP-UP,,,$100,USD,1.19
2021-07-19T16:02:35.025184Z,KO,BUY - MARKET,2,$55.28,$110.56,USD,1.19
2021-07-19T16:03:12.189688Z,BKNG,BUY - MARKET,0.05,"$2,114.80",$105.74,USD,1.19
2021-07-19T16:03:22.583529Z,,CASH TOP-UP,,,$200,USD,1.19
2021-07-19T16:03:56.202388Z,AMD,BUY - MARKET,1,$86.48,$86.48,USD,1.19
2021-07-19T16:05:36.255033Z,NVDA,BUY - MARKET,0.1,$749,$74.90,USD,1.19
2021-07-19T16:07:38.579554Z,JPM,BUY - MARKET,0.5,$146.72,$73.36,USD,1.19
2021-07-19T16:08:58.049233Z,JD,BUY - MARKET,0.5,$73.70,$36.85,USD,1.19
2021-07-20T10:35:47.310429Z,NVDA,STOCK SPLIT,1.5,,$0,USD,1.18
2021-07-20T13:43:05.486295Z,,CASH TOP-UP,,,$100,USD,1.18
2021-07-20T13:43:32.609466Z,COIN,BUY - MARKET,0.3,$215.53,$64.66,USD,1.18
2021-07-20T15:25:03.933668Z,,CASH TOP-UP,,,$100,USD,1.18
2021-07-20T15:25:25.390794Z,AMD,BUY - MARKET,1,$86.70,$86.70,USD,1.18
2021-07-20T15:28:21.504677Z,,CASH TOP-UP,,,$100,USD,1.18
2021-07-20T15:28:31.469907Z,TSM,BUY - MARKET,1,$116.32,$116.32,USD,1.18
2021-07-20T15:29:45.015371Z,,CASH TOP-UP,,,$100,USD,1.18
2021-07-20T15:30:01.858599Z,AMZN,BUY - MARKET,0.02,"$3,561",$71.22,USD,1.18
2021-07-20T15:31:05.217240Z,,CASH TOP-UP,,,$300,USD,1.18
2021-07-20T15:31:20.371781Z,META,BUY - MARKET,0.5,$340.42,$170.21,USD,1.18
2021-07-20T15:32:08.271702Z,PYPL,BUY - MARKET,0.1,$296.70,$29.67,USD,1.18
2021-07-20T15:33:15.315010Z,BABA,BUY - MARKET,0.6,$209.52,$125.71,USD,1.18
2021-07-20T15:34:27.845274Z,,CASH TOP-UP,,,$100,USD,1.18
2021-07-20T15:34:41.154545Z,DIS,BUY - MARKET,0.5,$175.40,$87.70,USD,1.18
2021-07-27T13:52:19.741165Z,,CASH TOP-UP,,,$100,USD,1.19
2021-07-27T13:54:57.547138Z,EDU,BUY - MARKET,50,$2.12,$106.25,USD,1.19
2021-07-27T14:00:32.670475Z,EDU,SELL - MARKET,50,$2.07,$103.49,USD,1.19
2021-07-27T14:05:29.330580Z,BABA,BUY - MARKET,0.2,$183.85,$36.77,USD,1.19
2021-07-27T14:05:54.151997Z,JD,BUY - MARKET,1,$63.30,$63.30,USD,1.19
2021-07-27T14:08:20.956894Z,TSM,BUY - MARKET,0.3,$113.47,$34.04,USD,1.19
2021-07-27T14:14:47.722584Z,JD,SELL - MARKET,3,$62.86,$188.57,USD,1.19
2021-07-27T14:15:17.841353Z,BABA,SELL - MARKET,1.7,$183.34,$311.67,USD,1.19
2021-07-28T15:05:28.483157Z,AMZN,BUY - MARKET,0.05,"$3,648.40",$182.42,USD,1.19
2021-07-28T15:07:07.385779Z,BLK,BUY - MARKET,0.1,$858.20,$85.82,USD,1.19
2021-07-29T13:51:06.563949Z,DIDIY,BUY - MARKET,5,$10,$50,USD,1.19
2021-07-30T13:41:05.241176Z,AMZN,BUY - MARKET,0.05,"$3,325",$166.25,USD,1.19
2021-07-30T13:42:33.679958Z,,CASH TOP-UP,,,$100,USD,1.19
2021-07-30T13:44:51.343987Z,PYPL,BUY - MARKET,0.25,$278.16,$69.54,USD,1.19
2021-08-01T06:49:12.681731Z,,CUSTODY FEE,,,-$1.21,USD,1.2
2021-08-03T04:30:52.376841Z,JPM,DIVIDEND,,,$1.91,USD,1.19
2021-08-10T05:00:59.318466Z,MA,DIVIDEND,,,$0.48,USD,1.18
2021-08-13T04:58:47.770519Z,AAPL,DIVIDEND,,,$1.50,USD,1.18
2021-08-30T15:02:27.522072Z,,CASH TOP-UP,,,$300,USD,1.19
2021-08-30T15:03:35.204344Z,V,BUY - MARKET,0.3,$231.07,$69.32,USD,1.19
2021-08-30T15:04:39.167240Z,MA,BUY - MARKET,0.2,$354,$70.80,USD,1.19
2021-08-30T15:05:20.758644Z,BABA,BUY - MARKET,0.15,$160.47,$24.07,USD,1.19
2021-08-30T15:06:00.302283Z,DIDIY,BUY - MARKET,3,$8.04,$24.12,USD,1.19
2021-09-01T04:09:07.742686Z,,CUSTODY FEE,,,-$1.29,USD,1.19
2021-09-02T04:47:51.855281Z,V,DIVIDEND,,,$0.59,USD,1.19
2021-09-02T14:06:26.327494Z,V,BUY - MARKET,0.2,$226.15,$45.23,USD,1.19
2021-09-02T14:06:50.693452Z,MA,BUY - MARKET,0.1,$344.60,$34.46,USD,1.19
2021-09-10T04:41:47.363133Z,MSFT,DIVIDEND,,,$1.90,USD,1.19
2021-09-22T14:04:07.511117Z,DIS,BUY - MARKET,0.3,$173.77,$52.13,USD,1.18
2021-09-22T14:04:51.385185Z,DIDIY,BUY - MARKET,2,$7.89,$15.78,USD,1.18
2021-09-22T14:06:35.597595Z,,CASH TOP-UP,,,$100,USD,1.18
2021-09-22T14:07:24.244251Z,BLK,BUY - MARKET,0.1,$857.30,$85.73,USD,1.18
2021-09-22T14:08:09.697914Z,META,BUY - MARKET,0.1,$344.70,$34.47,USD,1.18
2021-09-23T05:34:20.435543Z,BLK,DIVIDEND,,,$2.46,USD,1.18
2021-09-24T05:17:45.989782Z,NVDA,DIVIDEND,,,$0.07,USD,1.18
2021-09-28T15:54:00.222349Z,,CASH TOP-UP,,,$200,USD,1.17
2021-09-28T15:54:37.295797Z,GOOGL,BUY - MARKET,0.025,"$2,715.60",$67.89,USD,1.17
2021-09-30T05:12:38.486188Z,GS,DIVIDEND,,,$2.38,USD,1.17
2021-10-02T07:16:01.288148Z,,CUSTODY FEE,,,-$1.25,USD,1.16
2021-10-04T04:47:05.041846Z,KO,DIVIDEND,,,$2.14,USD,1.16
2021-10-05T13:58:58.605409Z,,CASH TOP-UP,,,$100,USD,1.16
2021-10-05T13:59:24.702701Z,AAPL,BUY - MARKET,1,$139.81,$139.81,USD,1.16
2021-10-05T14:00:22.573047Z,META,BUY - MARKET,0.1,$330.60,$33.06,USD,1.16
2021-10-05T14:01:23.481713Z,,CASH TOP-UP,,,$100,USD,1.16
2021-10-05T14:02:12.196053Z,AMZN,BUY - MARKET,0.03,"$3,237",$97.11,USD,1.16
2021-10-05T14:02:48.012643Z,GOOGL,BUY - MARKET,0.025,"$2,702",$67.55,USD,1.16
2021-10-14T15:10:57.093536Z,,CASH TOP-UP,,,$200,USD,1.16
2021-10-14T15:11:38.602475Z,TSM,BUY - MARKET,0.2,$111.75,$22.35,USD,1.16
2021-10-15T09:03:07.182545Z,TSM,DIVIDEND,,,$0.89,USD,1.17
2021-10-26T15:18:10.050345Z,META,BUY - MARKET,0.1,$321.40,$32.14,USD,1.16
2021-10-28T16:48:00.946347Z,PYPL,BUY - MARKET,0.15,$233.13,$34.97,USD,1.17
2021-10-28T16:48:29.447745Z,V,BUY - MARKET,0.1,$212.40,$21.24,USD,1.17
2021-10-28T16:49:13.066721Z,MA,BUY - MARKET,0.1,$331.10,$33.11,USD,1.17
2021-10-29T14:48:40.843681Z,DIS,BUY - MARKET,0.1,$169.50,$16.95,USD,1.16
2021-11-03T08:22:44.886191Z,,CUSTODY FEE,,,-$1.39,USD,1.16
2021-11-08T05:30:56.681548Z,JPM,DIVIDEND,,,$2.55,USD,1.16
2021-11-10T08:07:02.974139Z,MA,DIVIDEND,,,$0.59,USD,1.16
2021-11-15T18:27:02.432766Z,DIS,BUY - MARKET,0.1,$158.40,$15.84,USD,1.14
2021-11-15T18:27:22.891605Z,,CASH TOP-UP,,,$200,USD,1.14
2021-11-15T18:34:05.472811Z,PYPL,BUY - MARKET,0.1,$212.80,$21.28,USD,1.14
2021-11-17T06:33:20.692937Z,AAPL,DIVIDEND,,,$1.68,USD,1.14
2021-11-26T15:30:21.858031Z,BABA,BUY - MARKET,0.15,$132.60,$19.89,USD,1.14
2021-11-26T15:31:48.164626Z,DIS,BUY - MARKET,0.2,$147.75,$29.55,USD,1.14
2021-11-26T15:32:34.240696Z,KO,BUY - MARKET,0.5,$54,$27,USD,1.14
2021-11-26T15:33:12.208321Z,PYPL,BUY - MARKET,0.1,$188.80,$18.88,USD,1.14
2021-11-26T15:33:51.982648Z,MA,BUY - MARKET,0.05,$323.20,$16.16,USD,1.14
2021-11-26T15:34:13.501054Z,V,BUY - MARKET,0.1,$197.50,$19.75,USD,1.14
2021-12-02T12:23:04.129098Z,,CUSTODY FEE,,,-$1.39,USD,1.14
2021-12-02T14:58:02.795863Z,META,BUY - MARKET,0.1,$313,$31.30,USD,1.14
2021-12-02T14:58:47.513826Z,BABA,BUY - MARKET,0.1,$124.50,$12.45,USD,1.14
2021-12-02T14:59:22.932745Z,,CASH TOP-UP,,,$200,USD,1.14
2021-12-02T14:59:41.757716Z,KO,BUY - MARKET,0.5,$52.98,$26.49,USD,1.14
2021-12-02T15:01:25.154573Z,BKNG,BUY - MARKET,0.02,"$2,146",$42.92,USD,1.14
2021-12-09T08:09:36.421768Z,V,DIVIDEND,,,$0.89,USD,1.14
2021-12-10T10:04:11.912512Z,MSFT,DIVIDEND,,,$2.11,USD,1.13
2021-12-16T23:11:40.697695Z,,CASH TOP-UP,,,$200,USD,1.14
2021-12-17T08:06:57.082496Z,KO,DIVIDEND,,,$2.32,USD,1.14
2021-12-20T17:46:40.250296Z,MSFT,BUY - MARKET,0.2,$318.70,$63.74,USD,1.13
2021-12-20T17:47:03.811298Z,GOOGL,BUY - MARKET,0.025,"$2,805.20",$70.13,USD,1.13
2021-12-20T17:47:19.624013Z,AAPL,BUY - MARKET,0.4,$169.10,$67.64,USD,1.13
2021-12-27T05:30:10.954098Z,BLK,DIVIDEND,,,$2.80,USD,1.14
2021-12-27T05:40:34.747088Z,NVDA,DIVIDEND,,,$0.07,USD,1.14
2021-12-30T15:14:12.740871Z,AMZN,BUY - MARKET,0.01,"$3,415",$34.15,USD,1.14
2021-12-30T15:14:55.658345Z,PYPL,BUY - MARKET,0.2,$191.95,$38.39,USD,1.14
2021-12-30T15:17:53.219018Z,DIS,BUY - MARKET,0.3,$156.40,$46.92,USD,1.14
2021-12-31T06:41:27.755633Z,GS,DIVIDEND,,,$2.38,USD,1.14
2022-01-03T14:30:55.122843Z,DIDIY,SELL - MARKET,10,$4.80,$47.99,USD,1.14
2022-01-04T07:07:29.148793Z,,CUSTODY FEE,,,-$1.44,USD,1.13
2022-01-06T16:12:13.621344Z,MSFT,BUY - MARKET,0.2,$317.10,$63.42,USD,1.14
2022-01-06T16:13:03.867467Z,,CASH TOP-UP,,,$200,USD,1.14
2022-01-06T16:13:22.678170Z,GOOGL,BUY - MARKET,0.025,"$2,793.60",$69.84,USD,1.14
2022-01-06T16:14:12.238260Z,AAPL,BUY - MARKET,0.1,$173.90,$17.39,USD,1.14
2022-01-06T16:15:09.286246Z,AMZN,BUY - MARKET,0.01,"$3,282",$32.82,USD,1.14
2022-01-06T16:16:02.301554Z,NFLX,BUY - MARKET,0.1,$557.20,$55.72,USD,1.14
2022-01-06T16:17:15.104384Z,SHOP,BUY - MARKET,0.02,"$1,192",$23.84,USD,1.13
2022-01-12T14:50:06.902345Z,BABA,BUY - MARKET,0.1,$137.40,$13.74,USD,1.15
2022-01-12T18:36:10.274945Z,SHOP,BUY - MARKET,0.02,"$1,170",$23.40,USD,1.15
2022-01-12T18:39:12.943348Z,,CASH TOP-UP,,,$50,USD,1.15
2022-01-12T18:40:01.508202Z,BABA,BUY - MARKET,0.2,$136.85,$27.37,USD,1.15
2022-01-13T19:20:06.869742Z,,CASH TOP-UP,,,$100,USD,1.15
2022-01-13T19:21:50.356792Z,NFLX,BUY - MARKET,0.1,$524,$52.40,USD,1.15
2022-01-13T19:23:18.134766Z,BABA,BUY - MARKET,0.1,$133.40,$13.34,USD,1.15
2022-01-14T16:36:23.846424Z,BLK,BUY - MARKET,0.05,$844.80,$42.24,USD,1.15
2022-01-18T05:30:34.162560Z,TSM,DIVIDEND,,,$0.98,USD,1.14
2022-01-18T14:34:48.690208Z,,CASH TOP-UP,,,$100,USD,1.14
2022-01-18T14:35:13.349541Z,GS,BUY - MARKET,0.1,$350.60,$35.06,USD,1.14
2022-01-18T14:36:29.355828Z,BABA,BUY - MARKET,0.1,$126.20,$12.62,USD,1.14
2022-01-18T14:37:43.715798Z,JPM,BUY - MARKET,0.2,$154.55,$30.91,USD,1.14
2022-01-18T19:09:41.857622Z,JPM,BUY - MARKET,0.1,$151.10,$15.11,USD,1.14
2022-01-18T19:10:16.659271Z,MSFT,BUY - MARKET,0.1,$304.10,$30.41,USD,1.14
2022-01-20T15:34:58.857670Z,,CASH TOP-UP,,,$50,USD,1.14
2022-01-20T15:35:20.143266Z,AMZN,BUY - MARKET,0.01,"$3,152",$31.52,USD,1.14
2022-01-20T15:36:17.770332Z,AAPL,BUY - MARKET,0.1,$169.50,$16.95,USD,1.14
2022-01-21T15:08:55.794976Z,,CASH TOP-UP,,,$200,USD,1.14
2022-01-21T15:09:20.190264Z,NFLX,BUY - MARKET,0.1,$388,$38.80,USD,1.14
2022-01-21T15:10:05.479297Z,AMZN,BUY - MARKET,0.02,"$2,934",$58.68,USD,1.14
2022-01-21T15:10:39.424534Z,COIN,BUY - MARKET,0.1,$192.60,$19.26,USD,1.14
2022-01-21T15:11:02.953646Z,AAPL,BUY - MARKET,0.2,$164,$32.80,USD,1.14
2022-01-21T15:12:02.667236Z,JPM,BUY - MARKET,0.1,$146.20,$14.62,USD,1.14
2022-01-21T15:12:33.707814Z,DIS,BUY - MARKET,0.1,$137.10,$13.71,USD,1.14
2022-01-21T15:13:30.656059Z,,CASH TOP-UP,,,$50,USD,1.14
2022-01-21T15:13:53.115985Z,META,BUY - MARKET,0.1,$312.30,$31.23,USD,1.14
2022-01-21T15:14:35.644113Z,GOOGL,BUY - MARKET,0.01,"$2,666",$26.66,USD,1.14
2022-01-26T17:44:57.253050Z,BABA,BUY - MARKET,0.1,$116.50,$11.65,USD,1.13
2022-01-26T18:00:07.277739Z,,CASH TOP-UP,,,$50,USD,1.13
2022-01-26T18:00:28.996081Z,TM,BUY - MARKET,0.2,$196.85,$39.37,USD,1.13
2022-02-01T06:04:25.605923Z,JPM,DIVIDEND,,,$2.55,USD,1.13
2022-02-01T16:21:21.412157Z,,CASH TOP-UP,,,$100,USD,1.13
2022-02-01T16:22:06.109725Z,TM,BUY - MARKET,0.1,$195.30,$19.53,USD,1.13
2022-02-01T16:27:40.174349Z,SHOP,BUY - MARKET,0.02,$969.50,$19.39,USD,1.13
2022-02-01T16:28:49.227955Z,JPM,BUY - MARKET,0.1,$149.90,$14.99,USD,1.13
2022-02-02T08:27:56.074508Z,,CUSTODY FEE,,,-$1.42,USD,1.13
2022-02-02T20:16:04.922491Z,PYPL,BUY - MARKET,0.2,$131.45,$26.29,USD,1.14
2022-02-02T20:18:13.681156Z,GOOGL,BUY - MARKET,0.01,"$2,981",$29.81,USD,1.14
2022-02-03T15:53:21.234035Z,,CASH TOP-UP,,,$100,USD,1.15
2022-02-03T15:54:17.595244Z,META,BUY - MARKET,0.2,$245,$49,USD,1.15
2022-02-03T15:55:28.766651Z,TM,BUY - MARKET,0.1,$201.50,$20.15,USD,1.15
2022-02-03T15:57:59.770406Z,AMZN,BUY - MARKET,0.01,"$2,818",$28.18,USD,1.15
2022-02-04T16:17:11.105472Z,,CASH TOP-UP,,,$50,USD,1.15
2022-02-04T16:17:33.389654Z,META,BUY - MARKET,0.2,$230.75,$46.15,USD,1.15
2022-02-04T16:18:29.495353Z,,CASH TOP-UP,,,$20,USD,1.15
2022-02-04T16:18:48.468986Z,TM,BUY - MARKET,0.1,$195.40,$19.54,USD,1.15
2022-02-04T16:20:00.012952Z,PYPL,BUY - MARKET,0.1,$124.10,$12.41,USD,1.15
2022-02-08T16:50:49.662635Z,,CASH TOP-UP,,,$50,USD,1.15
2022-02-08T16:51:03.347356Z,META,BUY - MARKET,0.2,$222.85,$44.57,USD,1.15
2022-02-08T16:54:29.656095Z,,CASH TOP-UP,,,$100,USD,1.15
2022-02-08T16:54:43.610677Z,TM,BUY - MARKET,0.1,$199.80,$19.98,USD,1.15
2022-02-08T16:55:09.499665Z,BABA,BUY - MARKET,0.1,$121.70,$12.17,USD,1.15
2022-02-08T16:57:34.734688Z,GOOGL,BUY - MARKET,0.01,"$2,781",$27.81,USD,1.15
2022-02-10T05:58:35.082729Z,MA,DIVIDEND,,,$0.73,USD,1.15
2022-02-10T16:47:12.167718Z,TM,BUY - MARKET,0.1,$196.50,$19.65,USD,1.15
2022-02-14T14:43:13.835560Z,,CASH TOP-UP,,,$50,USD,1.14
2022-02-14T14:44:17.819076Z,TM,BUY - MARKET,0.3,$189.33,$56.80,USD,1.14
2022-02-15T06:05:08.876082Z,AAPL,DIVIDEND,,,$1.84,USD,1.14
2022-02-16T18:35:35.172124Z,,CASH TOP-UP,,,$20,USD,1.14
2022-02-16T18:36:10.704148Z,SHOP,BUY - MARKET,0.02,$728.50,$14.57,USD,1.14
2022-02-16T18:38:21.791008Z,TM,BUY - MARKET,0.1,$189.80,$18.98,USD,1.14
2022-02-17T18:22:17.999417Z,,CASH TOP-UP,,,$10,USD,1.14
2022-02-17T18:22:40.394365Z,SHOP,BUY - MARKET,0.02,$680.50,$13.61,USD,1.14
2022-02-18T18:57:15.204542Z,,CASH TOP-UP,,,$50,USD,1.14
2022-02-18T18:58:02.594442Z,META,BUY - MARKET,0.2,$207.10,$41.42,USD,1.14
2022-02-23T19:29:01.543788Z,,CASH TOP-UP,,,$20,USD,1.14
2022-02-23T19:29:19.853365Z,TM,BUY - MARKET,0.1,$185.10,$18.51,USD,1.14
2022-02-23T20:09:11.206051Z,BABA,BUY - MARKET,0.1,$110.10,$11.01,USD,1.14
2022-02-24T17:02:41.345199Z,,CASH TOP-UP,,,$50,USD,1.12
2022-02-24T17:03:44.330143Z,,CASH TOP-UP,,,$10,USD,1.12
2022-02-24T17:03:50.013389Z,TM,BUY - MARKET,0.3,$178.90,$53.67,USD,1.12
2022-02-25T19:29:44.743803Z,,CASH TOP-UP,,,$30,USD,1.13
2022-02-25T19:29:59.386137Z,TSM,BUY - MARKET,0.2,$110.45,$22.09,USD,1.13
2022-02-25T19:30:49.166211Z,BABA,BUY - MARKET,0.1,$107.30,$10.73,USD,1.13
2022-03-01T19:39:07.932648Z,,CASH TOP-UP,,,$50,USD,1.12
2022-03-01T19:39:52.495475Z,GS,BUY - MARKET,0.1,$329.90,$32.99,USD,1.12
2022-03-01T19:40:18.585703Z,,CASH TOP-UP,,,$10,USD,1.12
2022-03-01T19:40:35.221162Z,JPM,BUY - MARKET,0.2,$135.65,$27.13,USD,1.12
2022-03-02T06:00:33.883831Z,V,DIVIDEND,,,$0.93,USD,1.12
2022-03-02T14:10:58.313643Z,,CUSTODY FEE,,,-$1.39,USD,1.11
2022-03-04T17:12:04.135689Z,,CASH TOP-UP,,,$100,USD,1.1
2022-03-04T17:13:07.326679Z,TM,BUY - MARKET,0.5,$170.20,$85.10,USD,1.1
2022-03-07T16:08:09.392837Z,META,BUY - MARKET,0.1,$192.60,$19.26,USD,1.09
2022-03-07T16:08:21.303591Z,,CASH TOP-UP,,,$200,USD,1.09
2022-03-07T16:08:53.689941Z,TM,BUY - MARKET,0.5,$162.16,$81.08,USD,1.09
2022-03-07T16:09:46.688827Z,GOOGL,BUY - MARKET,0.02,"$2,570.50",$51.41,USD,1.09
2022-03-07T16:10:29.998643Z,MSFT,BUY - MARKET,0.1,$282,$28.20,USD,1.09
2022-03-07T16:12:00.727426Z,AAPL,BUY - MARKET,0.2,$163,$32.60,USD,1.09
2022-03-10T15:06:57.219916Z,BABA,BUY - MARKET,0.1,$93.30,$9.33,USD,1.11
2022-03-11T05:42:08.292552Z,MSFT,DIVIDEND,,,$2.37,USD,1.11
2022-03-24T05:30:22.408964Z,BLK,DIVIDEND,,,$3.53,USD,1.1
2022-03-25T05:13:56.566489Z,NVDA,DIVIDEND,,,$0.07,USD,1.11
2022-03-31T04:29:10.752585Z,GS,DIVIDEND,,,$2.55,USD,1.12
2022-04-02T09:17:45.534939Z,,CUSTODY FEE,,,-$1.46,USD,1.11
2022-04-04T04:35:30.462631Z,KO,DIVIDEND,,,$2.62,USD,1.11
2022-04-19T05:17:23.006421Z,TSM,DIVIDEND,,,$1.01,USD,1.08
2022-04-28T16:29:16.416833Z,BKNG,SELL - MARKET,0.17,"$2,290.59",$389.39,USD,1.06
2022-04-28T16:33:59.208050Z,GOOGL,BUY - MARKET,0.1,"$2,341.70",$234.17,USD,1.06
2022-04-28T16:34:49.724462Z,JD,SELL - MARKET,1,$56.72,$56.71,USD,1.06
2022-04-28T16:35:18.330689Z,AAPL,BUY - MARKET,1,$162.45,$162.45,USD,1.06
2022-04-29T14:42:34.173376Z,AMZN,BUY - MARKET,0.02,"$2,532",$50.64,USD,1.06
2022-05-03T05:12:56.956792Z,JPM,DIVIDEND,,,$3.14,USD,1.06
2022-05-03T06:39:07.093430Z,,CUSTODY FEE,,,-$1.24,USD,1.06
2022-05-05T16:55:13.222676Z,PYPL,SELL - MARKET,3.1,$85.89,$266.25,USD,1.06
2022-05-05T16:57:13.264963Z,NFLX,BUY - MARKET,0.1,$190.50,$19.05,USD,1.06
2022-05-05T16:58:48.995266Z,NVDA,BUY - MARKET,0.2,$189.35,$37.87,USD,1.06
2022-05-05T16:59:26.014360Z,TSM,BUY - MARKET,0.3,$92.30,$27.69,USD,1.06
2022-05-05T17:02:06.175141Z,AAPL,BUY - MARKET,1,$157.77,$157.77,USD,1.06
2022-05-05T19:29:02.314934Z,SHOP,SELL - MARKET,0.2,$409.05,$81.80,USD,1.06
2022-05-05T19:30:36.114083Z,,CASH TOP-UP,,,$10,USD,1.06
2022-05-05T19:31:20.755834Z,GOOGL,BUY - MARKET,0.05,"$2,301.20",$115.06,USD,1.06
2022-05-10T06:54:35.306358Z,MA,DIVIDEND,,,$0.73,USD,1.06
2022-05-12T13:43:05.528154Z,COIN,SELL - MARKET,2.6,$43.22,$112.36,USD,1.05
2022-05-12T13:44:48.198961Z,AAPL,BUY - MARKET,0.5,$141.98,$70.99,USD,1.05
2022-05-12T13:45:24.549216Z,MSFT,BUY - MARKET,0.2,$255.50,$51.10,USD,1.05
2022-05-16T04:46:36.443073Z,AAPL,DIVIDEND,,,$2.35,USD,1.05
2022-06-02T04:46:47.057155Z,V,DIVIDEND,,,$0.93,USD,1.07
2022-06-02T07:33:55.224452Z,,CUSTODY FEE,,,-$1.22,USD,1.07
2022-06-06T05:21:50.907762Z,AMZN,STOCK SPLIT,8.74,,$0,USD,1.08
2022-06-08T06:19:47.118211Z,TM,DIVIDEND,,,$4.62,USD,1.07
2022-06-10T04:26:27.896910Z,MSFT,DIVIDEND,,,$2.53,USD,1.07
2022-06-24T04:21:44.525975Z,BLK,DIVIDEND,,,$3.53,USD,1.06
2022-06-30T04:54:00.251346Z,GS,DIVIDEND,,,$2.72,USD,1.05
2022-07-02T04:39:22.028348Z,,CUSTODY FEE,,,-$1.11,USD,1.05
2022-07-05T04:29:46.128682Z,KO,DIVIDEND,,,$2.62,USD,1.05
2022-07-07T05:04:38.935347Z,NVDA,DIVIDEND,,,$0.08,USD,1.03
2022-07-18T04:31:08.508570Z,TSM,DIVIDEND,,,$1.09,USD,1.02
2022-07-18T05:13:05.927026Z,GOOGL,STOCK SPLIT,14.25,,$0,USD,1.02
2022-08-02T09:11:24.706967Z,JPM,DIVIDEND,,,$3.14,USD,1.03
2022-08-02T18:45:57.585860Z,,CUSTODY FEE,,,-$1.23,USD,1.02
2022-08-10T06:02:13.844925Z,MA,DIVIDEND,,,$0.73,USD,1.03
2022-08-16T07:04:48.980955Z,AAPL,DIVIDEND,,,$2.45,USD,1.02
2022-09-02T03:21:55.990470Z,,CUSTODY FEE,,,-$1.17,USD,1
2022-09-02T06:28:02.893738Z,V,DIVIDEND,,,$0.93,USD,1
2022-09-12T05:32:46.547995Z,MSFT,DIVIDEND,,,$2.53,USD,1.01
2022-09-26T04:25:50.193519Z,BLK,DIVIDEND,,,$3.53,USD,0.97
2022-09-30T08:25:34.988249Z,NVDA,DIVIDEND,,,$0.08,USD,0.99
2022-09-30T08:33:15.300835Z,GS,DIVIDEND,,,$3.40,USD,0.99
2022-10-04T05:58:48.981838Z,KO,DIVIDEND,,,$2.62,USD,0.99
2022-10-04T06:57:41.157718Z,,CUSTODY FEE,,,-$1.03,USD,0.99
2022-10-18T05:50:16.476194Z,TSM,DIVIDEND,,,$1.03,USD,0.99
2022-11-01T07:03:58.045387Z,JPM,DIVIDEND,,,$3.14,USD,1
2022-11-02T03:30:18.215416Z,,CUSTODY FEE,,,-$1.07,USD,1
2022-11-10T06:13:29.341071Z,MA,DIVIDEND,,,$0.73,USD,1.01
2022-11-11T10:27:20.035750Z,AAPL,DIVIDEND,,,$2.45,USD,1.03
2022-11-17T14:33:58.364722Z,NVDA,SELL - MARKET,2.2,$158.43,$348.53,USD,1.04
2022-11-17T14:34:47.938110Z,KO,SELL - MARKET,7,$60.38,$422.65,USD,1.04
2022-11-17T15:06:19.447095Z,META,BUY - MARKET,0.1,$110.50,$11.05,USD,1.04
2022-11-21T06:46:50.732022Z,,CASH WITHDRAWAL,,,-$800,USD,1.03
2022-12-02T06:20:52.639347Z,V,DIVIDEND,,,$1.11,USD,1.06
2022-12-02T09:08:49.009860Z,,CUSTODY FEE,,,-$1.06,USD,1.06
2022-12-09T07:35:21.041041Z,TM,DIVIDEND,,,$3.67,USD,1.06
2022-12-09T07:35:26.837785Z,MSFT,DIVIDEND,,,$2.77,USD,1.06
2022-12-27T05:25:05.026535Z,BLK,DIVIDEND,,,$3.53,USD,1.07
2022-12-30T06:58:39.740602Z,GS,DIVIDEND,,,$3.40,USD,1.07